@article{tom2007neural,
  title={The neural basis of loss aversion in decision-making under risk},
  author={Tom, Sabrina M and Fox, Craig R and Trepel, Christopher and Poldrack, Russell A},
  journal={Science},
  volume={315},
  number={5811},
  pages={515--518},
  year={2007},
  publisher={American Association for the Advancement of Science}
}
